@book{Hebb,
    author    = "{\textbf{Hebb}}",
    title     = "The organization of Behaviour",
    year      = "1949",
    publisher = "{Wiley $\&$ Sons}",
    address   = "New York"
}

@article{Fiorillo,
    author = "{\textbf{C.D. Fiorillo, P.N. Tobler, W. Schultz}}",
    title = "{Discrete Coding of Reward Probability and Uncertainty by Dopamine Neurons}.",
    journal = "Science",
    volume = "299",
    %number = "7383",
    %pages = "85-88",
    year = "2003",
    %DOI = "10.1038/nature10754",
    keywords = "neuroscience"
}

@article{Schultz,
    author = "{\textbf{Schultz et al.}}",
    title = "{Responses of Monkey Dopamine Neurons to Reward and Conditioned Stimuli during Successive Steps of Learning a Delayed Response Task}.",
    journal = "The Journal of Neuroscience",
    volume = "13",
    number = "3",
    pages = "900-913",
    year = "1993",
    %DOI = "10.1038/nature10754",
    keywords = "neuroscience"
}

@article{Schultz1992,
    author = "{\textbf{Schultz et al.}}",
    title = "{Neuronal Activity in Monkey Ventral Striatum Related to the Expectation of Reward}.",
    journal = "The Journal of Neuroscience",
    volume = "12",
    number = "12",
    pages = "4595-4610",
    year = "1992",
    %DOI = "10.1038/nature10754",
    keywords = "neuroscience"
}
@article{Schultz1995,
author = "{\textbf{Schultz et al.}}",
    title = "{Reward-related signals carried by dopamine neurons}.",
    journal = "Models of Information Processing in the Basal Ganglia, Houk J C, Davis J L, and Beiser D G (eds)",
    %volume = "12",
    %number = "12",
    pages = "233–248, Cambrige, Mass.",
    year = "1992",
    %DOI = "10.1038/nature10754",
    keywords = "neuroscience"
}

@article{Schultz1998,
    author = "{\textbf{Schultz}}",
    title = "{Predictive reward signal of dopamine neurons.}.",
    journal = "J. Neurophysiol.",
    volume = "80",
    %number = "12",
    pages = "1-27",
    year = "1998",
    %DOI = "10.1038/nature10754",
    keywords = "neuroscience"
}

@article{Uchida,
    author = "{\textbf{Cohen et al.}}",
    title = "{Neuron-type specific signals for reward and punishment in the ventral tegmental area}.",
    journal = "Nature",
    volume = "482",
    number = "7383",
    pages = "85-88",
    year = "2012",
    DOI = "10.1038/nature10754",
    keywords = "neuroscience"
}

@article{RussoDurstewitz,
    author = "{\textbf{Russo, Durstewitz}}",
    title = "{Cell assemblies at multiple time scales with arbitrary lag costellations}.",
    journal = "eLife",
    volume = "6",
    %number = "e19428",
    %pages = "e19428",
    year = "2017",
    DOI = "10.7554/eLife.19428",
    keywords = "neuroscience"
}

@article{Lya,
    author = "{\textbf{Lya et. al}}",
    title = "{Tracking Progress toward a Goal in Corticostriatal Ensembles}.",
    journal = "The Journal of Neuroscience",
    volume = "34",
    number = "6",
    pages = "2244-2253",
    year = "2014",
    DOI = "10.1523/JNEUROSCI.3834-13.2014",
    keywords = "neuroscience"
}

@article{LyaN,
    author = "{\textbf{Lya et. al}}",
    title = "{Differences in the emergent coding properties of cortical and striatal ensembles}.",
    journal = "nature neuroscience",
    volume = "17",
    number = "8",
    %pages = "2244--2253",
    year = "2014",
    DOI = "10.1038/nn.3753",
    keywords = "neuroscience"
}

@article{Atallah,
    author = "{\textbf{Atallah et. al}}",
    title = "{Neurons in Ventral Striatum Exhibit Cell-Type-Specific Representation of Outcome during Learning}.",
    journal = "neuron",
    volume = "82",
    %number = "8",
    pages = "1145-1156",
    year = "2014",
    DOI = "10.1016/neuron.2014.04.021",
    keywords = "neuroscience"
}

@article{Cohen,
    author = "{\textbf{Cohen et. al}}",
    title = "{Neuron-type-specific signals for reward and punishment in the ventral tegmental area}.",
    journal = "nature letter",
    volume = "482",
    number = "85",
    %pages = "1145--1156",
    year = "2012",
    DOI = "10.1038/nature10754",
    keywords = "neuroscience"
}


@article{DoyaRL_VS,
    author = "{\textbf{Samejima et.al}}",
    title = "{Representation of Action-Specific Reward Values in the Striatum}.",
    journal = "Science",
    volume = "310",
    %number = "e19428",
    %pages = "e19428",
    year = "2005",
    DOI = "10.1126/science.1115270",
    keywords = "neuroscience"
}

@article{Koppe,
    author = "{\textbf{G. Koppe, A.S. Mallien et al.}}",
    title = "{CACNA1C gene regulates behavioral strategies in operant rule learning}.",
    journal = "PLOS Biology",
   % volume = "310",
    %number = "e19428",
    %pages = "e19428",
    year = "2017",
    DOI = "10.1371/journal.pbio.2000936",
    keywords = "neuroscience"
}
%@article{Koppe,
 %   author = "{\textbf{G. Koppe*, A.S. Mallien*, S. Berger, D. Bartsch, P. Gass, B. Vollmayir*, D. Durstewitz*}}",
    %title = "{CACNA1C gene regulates behavioral strategies in operant rule learning}.",
    %journal = "PLOS Biology",
   % volume = "310",
    %number = "e19428",
    %pages = "e19428",
    %year = "2017",
    %DOI = "10.1371/journal.pbio.2000936",
    %keywords = "neuroscience"
%}

@article{Costa,
    author = "{\textbf{Costa et.al}}",
    title = "{Reversal Learning and Dopamine: A Bayesian Perspective}.",
    journal = "The Journal of Neuroscience",
    volume = "35",
    number = "6",
    pages = "2407-2416",
    year = "2015",
    DOI = "10.1523/JNEUROSCI.1989-14.2015",
    keywords = "neuroscience"
}

@article{Li,
    author = "{\textbf{Li et.al}}",
    title = "{Differencial roles of humans striatum and amygdala in associative learning}.",
    journal = "nature neuroscience",
    volume = "14",
    number = "10",
    %pages = "2407-2416",
    year = "2011",
    DOI = "10.1038/nn.2904",
    keywords = "neuroscience"
}

@article{Katahira,
    author = "{\textbf{Katahira}}",
    title = "{The relation between reinforcement learning parameters and the influence of reinforcement history on choice behavior}.",
    journal = "Journal of Mathematical Psychology",
    %volume = "14",
    %number = "10",
    %pages = "2407-2416",
    year = "2015",
    DOI = "10.1016/j.jmp.2015.03.006",
    keywords = "neuroscience"
}

@book{SuttonBarto,
    author = "{\textbf{Sutton $\&$ Barto}}",
    title = "{Reinforcement learning: an introduction}.\\",
    year      = "1998",
    publisher = "{MIT Press}",
    address   = "Cambridge,MA,USA"
}

@article{Dayan1,
    author = "{\textbf{Watkins $\&$ Dayan}}",
    title = "{Q-learning}.",
    journal = "Machine Learning",
    volume = "8",
    number = "3",
    pages = "279-292",
    year = "1992",
    %DOI = "",
    keywords = "neuroscience"

}

@article{Dayan,
    author = "{\textbf{Guitart-Msip, et al.}}",
    title = "{Go and no-go learning in reward and punishment: Interaction between affect and effect}.",
    journal = "NeuroImage",
    volume = "62",
    %number = "3",
    pages = "154-166",
    year = "2012",
    DOI = "10.1016/j.neuroimage.2012.04.024",
    keywords = "neuroscience"

}

@article{Doya,
    author = "{\textbf{ Doya}}",
    title = "{Reinforcement learning: Computational theory and biological mechanisms}.",
    journal = "HFSP J.",
    volume = "1",
    number = "1",
    pages = "30-40",
    year = "2007",
    DOI = "10.2976/1.2732246",
    keywords = "neuroscience"
}

@article{Funamizu,
    author = "{\textbf{Funamizu et al.}}",
    title = "{Uncertainty in action-value estimation affects both action choice and learning rate of the choice behaviors of rats}.",
    journal = "European Journal of Neuroscience",
    volume = "35",
    %number = "1",
    pages = "1180-1189",
    year = "2012",
    DOI = "10.1111/j.1460-9568.2012.08025x",
    keywords = "neuroscience"
}
@article{Daw,
    author = "{\textbf{Daw et al.}}",
    title = "{The computational neurobiology of learning and reward}.",
    journal = "Curr. Opin.Neurobiol.",
    volume = "16",
    %number = "1",
    pages = "199-204",
    year = "2006",
   % DOI = "10.1111/j.1460-9568.2012.08025x",
    keywords = "neuroscience"
}

@article{ItoDoya,
    author = "{\textbf{Ito $\&$ Doya}}",
    title = "{Parallel Representation of Value-Based and Finite State-Based Startegies in the Ventral and Dorsal Striatum}.",
    journal = "PLOS Computational Biology",
    %volume = "310",
    %number = "e19428",
    %pages = "e19428",
    year = "2015",
    DOI = "10.1371/journal.pcbi.1004540",
    keywords = "neuroscience"
}

@article{ItoDoya1,
    author = "{\textbf{Ito $\&$ Doya}}",
    title = "{Validation of Decision-Making Models and Analysis of
Decision Variables in the Rat Basal Ganglia}.",
    journal = "The Journal of Neuroscience",
    volume = "29",
    number = "31",
    pages = "9861–9874",
    year = "2009",
    DOI = "10.1523/JNEUROSCI.6157-08.2009",
    keywords = "neuroscience"
}