@book{Hebb,
    author    = "Hebb",
    title     = "The organization of Behaviour",
    year      = "1949",
    publisher = "Wiley and Sons",
    address   = "New York"
}

@article{Fiorillo,
    author = "C.D. Fiorillo and P.N. Tobler and W. Schultz",
    title = "Discrete Coding of Reward Probability and Uncertainty by Dopamine Neurons.",
    year="2003",
    journal = "Science",
    volume = "299",
    keywords = "neuroscience"
}

@article{Schultz,
    author = "Schultz et al.",
    title = "Responses of Monkey Dopamine Neurons to Reward and Conditioned Stimuli during Successive Steps of Learning a Delayed Response Task.",
    year = "1993",
    journal = "The Journal of Neuroscience",
    volume = "13",
    number = "3",
    pages = "900-913",
    %DOI = "10.1038/nature10754",
    keywords = "neuroscience"
}

@article{Schultz1992,
    author = "Schultz et al.",
    title = "Neuronal Activity in Monkey Ventral Striatum Related to the Expectation of Reward.",
    year = "1992",
    journal = "The Journal of Neuroscience",
    volume = "12",
    number = "12",
    pages = "4595-4610",
    %DOI = "10.1038/nature10754",
    keywords = "neuroscience"
}

@article{Schultz1995,
author = "Schultz et al.",
    title = "Reward-related signals carried by dopamine neurons.",
    year = "1992",
    journal = "Models of Information Processing in the Basal Ganglia, Houk J C, Davis J L, and Beiser D G (eds)",
    pages = "233–248, Cambrige, Mass.",
    keywords = "neuroscience"
}

@article{Schultz1998,
    author = "Schultz",
    title = "Predictive reward signal of dopamine neurons.",
    year = "1998",
    journal = "J. Neurophysiol.",
    volume = "80",
    %number = "12",
    pages = "1-27",
    %DOI = "10.1038/nature10754",
    keywords = "neuroscience"
}

@article{Uchida,
    author = "Cohen et al.",
    title = "Neuron-type specific signals for reward and punishment in the ventral tegmental area.",
    year = "2012",
    journal = "Nature",
    volume = "482",
    number = "7383",
    pages = "85-88",
    DOI = "10.1038/nature10754",
    keywords = "neuroscience"
}

@article{RussoDurstewitz,
    author = "Russo and Durstewitz",
    title = "Cell assemblies at multiple time scales with arbitrary lag costellations.",
    year = "2017",
    journal = "eLife",
    volume = "6",
    %number = "e19428",
    %pages = "e19428",
    DOI = "10.7554/eLife.19428",
    keywords = "neuroscience"
}

@article{Lya,
    author = "Lya et. al",
    title = "Tracking Progress toward a Goal in Corticostriatal Ensembles.",
    year = "2014",
    journal = "The Journal of Neuroscience",
    volume = "34",
    number = "6",
    pages = "2244-2253",
    DOI = "10.1523/JNEUROSCI.3834-13.2014",
    keywords = "neuroscience"
}

@article{LyaN,
    author = "Lya et. al",
    title = "Differences in the emergent coding properties of cortical and striatal ensembles.",
    year = "2014",
    journal = "nature neuroscience",
    volume = "17",
    number = "8",
    DOI = "10.1038/nn.3753",
    keywords = "neuroscience"
}

@article{Atallah,
    author = "Atallah et. al",
    title = "Neurons in Ventral Striatum Exhibit Cell-Type-Specific Representation of Outcome during Learning.",
    year = "2014",
    journal = "neuron",
    volume = "82",
    pages = "1145-1156",
    DOI = "10.1016/neuron.2014.04.021",
    keywords = "neuroscience"
}

@article{Cohen,
    author = "Cohen et. al",
    title = "Neuron-type-specific signals for reward and punishment in the ventral tegmental area.",
    year = "2012",
    journal = "nature letter",
    volume = "482",
    number = "85",
    DOI = "10.1038/nature10754",
    keywords = "neuroscience"
}


@article{DoyaRL_VS,
    author = "Samejima et.al",
    title = "Representation of Action-Specific Reward Values in the Striatum.",
    year = "2005",
    journal = "Science",
    volume = "310",
    DOI = "10.1126/science.1115270",
    keywords = "neuroscience"
}


@article{Koppe,
    author = "G. Koppe and A.S. Mallien and S. Berger and D. Bartsch and P. Gass and B. Vollmayir and D. Durstewitz",
    title = "CACNA1C gene regulates behavioral strategies in operant rule learning.",
    year = "2017",
    journal = "PLOS Biology",
    volume = "310",
    number = "e19428",
    DOI = "10.1371/journal.pbio.2000936",
    keywords = "neuroscience"
}

@article{Costa,
    author = "Costa et.al",
    title = "Reversal Learning and Dopamine: A Bayesian Perspective.",
    year = "2015",
    journal = "The Journal of Neuroscience",
    volume = "35",
    number = "6",
    pages = "2407-2416",
    DOI = "10.1523/JNEUROSCI.1989-14.2015",
    keywords = "neuroscience"
}

@article{Li,
    author = "Li et.al",
    title = "Differencial roles of humans striatum and amygdala in associative learning.",
    journal = "nature neuroscience",
    year = "2011",
    volume = "14",
    number = "10",
    DOI = "10.1038/nn.2904",
    keywords = "neuroscience"
}

@article{Katahira,
    author = "Katahira",
    title = "The relation between reinforcement learning parameters and the influence of reinforcement history on choice behavior.",
    year = "2015",
    journal = "Journal of Mathematical Psychology"
    DOI = "10.1016/j.jmp.2015.03.006",
    keywords = "neuroscience"
}

@book{SuttonBarto,
    author = "Sutton and Barto",
    title = "Reinforcement learning: an introduction.",
    year      = "1998",
    publisher = "MIT Press",
    address   = "Cambridge,MA,USA"
}

@article{Dayan1,
    author = "Watkins and Dayan",
    title = "Q-learning.",
    year = "1992",
    journal = "Machine Learning",
    volume = "8",
    number = "3",
    pages = "279-292",
    keywords = "neuroscience"

}

@article{Dayan,
    author = "Guitart-Msip, et al.",
    title = "Go and no-go learning in reward and punishment: Interaction between affect and effect.",
    year = "2012",
    journal = "NeuroImage",
    volume = "62",
    %number = "3",
    pages = "154-166",
    DOI = "10.1016/j.neuroimage.2012.04.024",
    keywords = "neuroscience"

}

@article{Doya,
    author = "Doya",
    title = "Reinforcement learning: Computational theory and biological mechanisms.",
    year = "2007",
    journal = "HFSP J.",
    volume = "1",
    number = "1",
    pages = "30-40",
    DOI = "10.2976/1.2732246",
    keywords = "neuroscience"
}

@article{Funamizu,
    author = "Funamizu et al.",
    title = "Uncertainty in action-value estimation affects both action choice and learning rate of the choice behaviors of rats.",
    year = "2012",
    journal = "European Journal of Neuroscience",
    volume = "35",
    %number = "1",
    pages = "1180-1189",
    DOI = "10.1111/j.1460-9568.2012.08025x",
    keywords = "neuroscience"
}

@article{Daw,
    author = "Daw et al.",
    title = "The computational neurobiology of learning and reward.",
    year = "2006",
    journal = "Curr. Opin.Neurobiol.",
    volume = "16",
    %number = "1",
    pages = "199-204",
   % DOI = "10.1111/j.1460-9568.2012.08025x",
    keywords = "neuroscience"
}

@article{ItoDoya,
    author = "Ito and Doya",
    title = "Parallel Representation of Value-Based and Finite State-Based Startegies in the Ventral and Dorsal Striatum.",
    year = "2015",
    journal = "PLOS Computational Biology",
    DOI = "10.1371/journal.pcbi.1004540",
    keywords = "neuroscience"
}

@article{ItoDoya1,
    author = "Ito and  Doya",
    title = "Validation of Decision-Making Models and Analysis of Decision Variables in the Rat Basal Ganglia.",
    year = "2009",
    journal = "The Journal of Neuroscience",
    volume = "29",
    number = "31",
    pages = "9861–9874",
    DOI = "10.1523/JNEUROSCI.6157-08.2009",
    keywords = "neuroscience"
}