@book{Hebb,
    author    = "Hebb",
    title     = "The organization of Behaviour",
    year      = "1949",
    publisher = "Wiley and Sons",
    address   = "New York"
}

@article{Quiroga,
    author = "R. Q. Quiroga and Z. Nadasdy and Y. Ben-Shaul",
    title = "Unsupervised Spike Detection and Sorting with Wavelets and Superparamagnetic Clustering.",
    year = "2004",
    journal = "Neural Computation",
    volume = "16",
    number ="8",
    pages = "1661-1687",
    DOI = "10.1162/089976604774201631",
    keywords = "neuroscience"
}



@article{Pachitariu,
    author = "M. Pachitariu and N. Steinmetz and S. Kadir and M. Carandini and Harris K.",
    title = "Kilosort: realtime spike-sorting for extracellular electrophysiology with hundreds of channels.",
    year = "2016",
    journal = "BioRxiv 061481",
    DOI = "10.1101/061481",
    keywords = "neuroscience"
}


@article{Fiorillo,
    author = "C.D. Fiorillo and P.N. Tobler and W. Schultz",
    title = "Discrete Coding of Reward Probability and Uncertainty by Dopamine Neurons.",
    year="2003",
    journal = "Science",
    volume = "299",
    keywords = "neuroscience"
}

@article{Schultz,
    author = "W. Schultz and P. Apicella and T. Ljungberg",
    title = "Responses of Monkey Dopamine Neurons to Reward and Conditioned Stimuli during Successive Steps of Learning a Delayed Response Task.",
    year = "1993",
    journal = "The Journal of Neuroscience",
    volume = "13",
    number = "3",
    pages = "900-913",
    %DOI = "10.1038/nature10754",
    keywords = "neuroscience"
}

@article{Schultz1992,
    author = "W. Schultz and P. Apicella and E. Scarnati and T. Ljungbergc",
    title = "Neuronal Activity in Monkey Ventral Striatum Related to the Expectation of Reward.",
    year = "1992",
    journal = "The Journal of Neuroscience",
    volume = "12",
    number = "12",
    pages = "4595-4610",
    %DOI = "10.1038/nature10754",
    keywords = "neuroscience"
}

@article{Schultz1995,
author = "W. Schultz and R. Romo and T. Ljungbergc and J. Mirenowicz and  J. R. Hollerman and A. Dickinson",
    title = "Reward-related signals carried by dopamine neurons.",
    year = "1992",
    journal = "Models of Information Processing in the Basal Ganglia, Houk J C, Davis J L, and Beiser D G (eds)",
    pages = "233–248, Cambrige, Mass.",
    keywords = "neuroscience"
}

@article{Schultz1998,
    author = "Schultz",
    title = "Predictive reward signal of dopamine neurons.",
    year = "1998",
    journal = "J. Neurophysiol.",
    volume = "80",
    pages = "1-27",
    keywords = "neuroscience"
}

@article{Schultz2001,
    author = "Schultz",
    title = "Reward signaling by dopamine neurons.",
    year = "2001",
    journal = "Neuroscientist.",
    volume = "7",
    number="4",
    pages = "293-302",
    keywords = "neuroscience"
}

@article{Schultz2002,
    author = "Schultz",
    title = "Getting formal with dopamine and reward.",
    year = "2002",
    journal = "Neuron",
    volume = "36",
    %number="4",
    pages = "241-263",
    keywords = "neuroscience"
}

@article{Ungless2004,
    author = "M. A. Ungless and P. J. Magill and J. P. Bolam",
    title = "Uniform inhibition of dopamine neurons in the ventral tegmental area by aversive stimuli.",
    year = "2004",
    journal = "Science",
    volume = "303",
    number = "5666",
    pages = "2040-2042",
    DOI = "10.1126/science.1093360",
    keywords = "neuroscience"
}

@article{ODoherty2004,
    author = "J. O'Doherty and P. Dayan and J. Schultz and R. Deichmann and K. Friston and R. J. Dolan",
    title = "Dissociable Roles of Ventral and Dorsal Striatum in Instrumental Conditioning.",
    year = "2004",
    journal = "Science",
    volume = "303",
    number="5669",
    pages = "452-454",
    DOI = "10.1126/science.1094285",
    keywords = "neuroscience"
}

@article{Wise2004,
    author = "R. A. Wise",
    title = "Dopamine, learning and motivation.",
    year = "2004",
    journal = "Nature Reviews Neuroscience",
    volume = "5",
    pages = "483–494",
    keywords = "neuroscience"
}

@article{Graybiel,
    author = "A. M. Graybiel",
    title = "The basal ganglia: learning new tricks and loving it.",
    year = "2005",
    journal = "Current Opinion in Neurobiology",
    volume = "15",
    number = "6",
    pages = "638-644",
    DOI = "10.1016/j.conb.2005.10.006",
    keywords = "neuroscience"
}

@article{Inokawa,
    author = " H. Inokawa and H. Yamada and N. Matsumoto and M. Muranishi and M. Kimura",
    title = "Juxtacellular labeling of tonically active neurons and phasically active neurons in the rat striatum.",
    year = "2010",
    journal = "Neuroscience",
    volume = "168",
    number = "2",
    pages = "395-404",
    DOI = "10.1016/j.neuroscience.2010.03.062",
    keywords = "neuroscience"
}

@article{Heimer1982,
    author = "L. Heimer and R. D. Switzer and G. W. Van Hoesen",
    title = "Ventral striatum and ventral pallidum: Components of the motor system?",
    year = "1982",
    journal = "Trends in Neurosciences",
    volume = "5",
    year = "1982",
    pages = "83-87",
    DOI = "10.1016/0166-2236(82)90037-6",
    keywords = "neuroscience"
}

@article{Uchida,
    author = "J. Cohen and S. Haesler and L. Vong and B. B. Lowell and N. Uchida",
    title = "Neuron-type specific signals for reward and punishment in the ventral tegmental area.",
    year = "2012",
    journal = "Nature",
    volume = "482",
    number = "7383",
    pages = "85-88",
    DOI = "10.1038/nature10754",
    keywords = "neuroscience"
}

@article{RussoDurstewitz,
    author = "Russo and Durstewitz",
    title = "Cell assemblies at multiple time scales with arbitrary lag costellations.",
    year = "2017",
    journal = "eLife",
    volume = "6",
    DOI = "10.7554/eLife.19428",
    keywords = "neuroscience"
}

@article{Lya,
    author = "M. Lya and J. M. Hyman and A. G. Phillips and J. K. Seamans",
    title = "Tracking Progress toward a Goal in Corticostriatal Ensembles.",
    year = "2014",
    journal = "The Journal of Neuroscience",
    volume = "34",
    number = "6",
    pages = "2244-2253",
    DOI = "10.1523/JNEUROSCI.3834-13.2014",
    keywords = "neuroscience"
}

@article{LyaN,
    author = "M. Liya and J. M. Hyman and A. J. Lindsay and A. G. Phillips and J. K. Seamans",
    title = "Differences in the emergent coding properties of cortical and striatal ensembles.",
    year = "2014",
    journal = "nature neuroscience",
    volume = "17",
    number = "8",
    DOI = "10.1038/nn.3753",
    keywords = "neuroscience"
}

@article{Atallah,
    author = "H. E. Atallah and A. D. McCool and M. W. Howe and A. M. Graybiel",
    title = "Neurons in Ventral Striatum Exhibit Cell-Type-Specific Representation of Outcome during Learning.",
    year = "2014",
    journal = "neuron",
    volume = "82",
    pages = "1145-1156",
    DOI = "10.1016/neuron.2014.04.021",
    keywords = "neuroscience"
}


@article{DoyaRL_VS,
    author = "K. Samejima and Y. Ueda and K. Doya and M. Kimura",
    title = "Representation of Action-Specific Reward Values in the Striatum.",
    year = "2005",
    journal = "Science",
    volume = "310",
    DOI = "10.1126/science.1115270",
    keywords = "neuroscience"
}

@article{Costa,
    author = "V. D. Costa and V. L. Tran and J. Turchi and B.B. Averbeck",
    title = "Reversal Learning and Dopamine: A Bayesian Perspective.",
    year = "2015",
    journal = "The Journal of Neuroscience",
    volume = "35",
    number = "6",
    pages = "2407-2416",
    DOI = "10.1523/JNEUROSCI.1989-14.2015",
    keywords = "neuroscience"
}

@article{Li,
    author = "J. Li and D. Schiller and G. Schoenbaum and E. A. Phelps and N. D. Daw",
    title = "Differencial roles of humans striatum and amygdala in associative learning.",
    journal = "nature neuroscience",
    year = "2011",
    volume = "14",
    number = "10",
    DOI = "10.1038/nn.2904",
    keywords = "neuroscience"
}

@article{Katahira,
    author = "Katahira",
    title = "The relation between reinforcement learning parameters and the influence of reinforcement history on choice behavior.",
    journal = "Journal of Mathematical Psychology",
    year = "2015",
    volume = "66",
    pages = "59-69",
    keywords = "neuroscience"
}


@book{SuttonBarto,
    author = "Sutton and Barto",
    title = "Reinforcement learning: an introduction.\\",
    year      = "1998",
    publisher = "MIT Press",
    address   = "Cambridge,MA,USA"
}


@article{Koppe,
    author = "G. Koppe and A.S. Mallien and S. Berger and D. Bartsch and P. Gass and B. Vollmayir and D. Durstewitz",
    title = "CACNA1C gene regulates behavioral strategies in operant rule learning.",
    journal = "PLOS Biology",
    volume = "310",
    number = "e19428",
    DOI = "10.1371/journal.pbio.2000936",
    year = "2017",
    keywords = "neuroscience"
}


@article{Dayan1,
    author = "Watkins and Dayan",
    title = "Q-learning.",
    year = "1992",
    journal = "Machine Learning",
    volume = "8",
    number = "3",
    pages = "279-292",
    keywords = "neuroscience"

}

@article{Dayan,
    author = "M. Guitart-Masip and QJ. Huys and L. Fuentemilla and P. Dayan and E. Duzel and RJ. Dolan",
    title = "Go and no-go learning in reward and punishment: Interaction between affect and effect.",
    year = "2012",
    journal = "NeuroImage",
    volume = "62",
    %number = "3",
    pages = "154-166",
    DOI = "10.1016/j.neuroimage.2012.04.024",
    keywords = "neuroscience"

}

@article{Doya,
    author = "Doya",
    title = "Reinforcement learning: Computational theory and biological mechanisms.",
    year = "2007",
    journal = "HFSP J.",
    volume = "1",
    number = "1",
    pages = "30-40",
    DOI = "10.2976/1.2732246",
    keywords = "neuroscience"
}

@article{Funamizu,
    author = "A. Funamizu and M. Ito and K. Doya and R. Kanzaki and H. Takahashi",
    title = "Uncertainty in action-value estimation affects both action choice and learning rate of the choice behaviors of rats.",
    year = "2012",
    journal = "European Journal of Neuroscience",
    volume = "35",
    %number = "1",
    pages = "1180-1189",
    DOI = "10.1111/j.1460-9568.2012.08025x",
    keywords = "neuroscience"
}

@article{Daw,
    author = "N. D. Daw and K. Doya",
    title = "The computational neurobiology of learning and reward.",
    year = "2006",
    journal = "Curr. Opin.Neurobiol.",
    volume = "16",
    %number = "1",
    pages = "199-204",
   % DOI = "10.1111/j.1460-9568.2012.08025x",
    keywords = "neuroscience"
}

@article{ItoDoya,
    author = "M. Ito and K. Doya",
    title = "Parallel Representation of Value-Based and Finite State-Based Startegies in the Ventral and Dorsal Striatum.",
    year = "2015",
    journal = "PLOS Computational Biology",
    DOI = "10.1371/journal.pcbi.1004540",
    keywords = "neuroscience"
}

@article{ItoDoya1,
    author = "M. Ito and K. Doya",
    title = "Validation of Decision-Making Models and Analysis of Decision Variables in the Rat Basal Ganglia.",
    year = "2009",
    journal = "The Journal of Neuroscience",
    volume = "29",
    number = "31",
    pages = "9861–9874",
    DOI = "10.1523/JNEUROSCI.6157-08.2009",
    keywords = "neuroscience"
}