
@article{Koppe1,
  author =       "Albert, Koppe, Mallien",
  title =        "{Zur Elektrodynamik bewegter K{\"o}rper}. ({German})
                 [{On} the electrodynamics of moving bodies]",
  journal =      "Annalen der Physik",
  volume =       "322",
  number =       "10",
  pages =        "891--921",
  year =         "1905",
  DOI =          "http://dx.doi.org/10.1002/andp.19053221004",
  keywords =     "physics"
}

@book{dirac,
  title={The Principles of Quantum Mechanics},
  author={Paul Adrien Maurice Dirac},
  isbn={9780198520115},
  series={International series of monographs on physics},
  year={1981},
  publisher={Clarendon Press},
  keywords = {physics}
}

@book{latexcompanion,
    author    = "Michel Goossens and Frank Mittelbach and Alexander Samarin",
    title     = "The \LaTeX\ Companion",
    year      = "1993",
    publisher = "Addison-Wesley",
    address   = "Reading, Massachusetts",
    keywords  = "latex"
}
 
@online{knuthwebsite,
    author    = "Donald Knuth",
    title     = "Knuth: Computers and Typesetting",
    url       = "http://www-cs-faculty.stanford.edu/~uno/abcde.html",
    keywords  = "latex,knuth"
}

@inbook{knuth-fa,
   author = "Donald E. Knuth",
   title = "Fundamental Algorithms",
   publisher = "Addison-Wesley",
   year = "1973",
   chapter = "1.2",
   keywords  = "knuth,programming"
}

@book{knuth-acp,
   author = "Donald E. Knuth",
   publisher = "Addison-Wesley",
   title = "The Art of Computer Programming",
   series = "Four volumes",
   year = "1968",
   note = "Seven volumes planned",
   keywords  = "knuth,programming"
}

@article{Koppe2,
    author  = "G. Koppe and A.S. Mallien and flan",
    title   = "The {C}omprehensive {T}ex {A}rchive {N}etwork ({CTAN})",
    year    = "1993",
    journal = "TUGBoat",
    volume  = "14",
    number  = "3",
    pages   = "342--351",
    keywords  = "latex"
}

@article{Koppe,
    author = "G. Koppe and A.S. Mallien and S. Berger and D. Bartsch and P. Gass and B. Vollmayir and D. Durstewitz",
    title = "CACNA1C gene regulates behavioral strategies in operant rule learning.",
    journal = "PLOS Biology",
    volume = "310",
    number = "e19428",
    DOI = "10.1371/journal.pbio.2000936",
    year = "2017",
    keywords = "neuroscience"
}